\begin{thebibliography}{10} 


\bibitem[Hsu] Tsu, L., & Hsu, J., ``The physical basis of natural units and truly fundamental constants," pp. 1-17. Retrieved from http://arxiv.org/pdf/1112.6332.pdf

\bibitem[Manin] Yuri, M.\emph{Mathematics as Metaphor}, American Mathematical Society, 2007. 

\bibitem[University New South Wales], \emph{The Plank scale: relativity meets quantum mechanics meets gravity}, Einsteinlight. Retrieved from http://newt.phys.unsw.edu.au/einsteinlight/jw/module6_Planck.htm

\bibitem[Johnson] Johnson, C., \emph{Planck Units: Natural Units and the Key Equations in Physics}, pp 1-30. Retrieved from http://earthmatrix.com/sciencetoday/planckunits/planck_unit.pdf

\bibitem[Buczyna] Buczyna, J., Unnikrishnan, C.S., & Gillies, G., \emph{Standard and derived Planck quantities: selected analysis and derivations} pp. 1-22. Retrieved from http://arxiv.org/pdf/1006.3241.pdf

\end{thebibliography}